<record><leader>00000cas a22000007a 4500</leader><controlfield tag="001">11180636</controlfield><controlfield tag="008">840921d18751886mtuwr ne      0    0eng d</controlfield><datafield ind1=" " ind2=" " tag="010"><subfield code="a">sn 84038130 </subfield></datafield><datafield ind1=" " ind2=" " tag="040"><subfield code="a">NPX</subfield><subfield code="b">eng</subfield><subfield code="c">NPX</subfield><subfield code="d">MTL</subfield><subfield code="d">OCL</subfield><subfield code="d">CNK</subfield><subfield code="d">UBY</subfield><subfield code="d">OCLCF</subfield><subfield code="d">OCLCO</subfield></datafield><datafield ind1=" " ind2=" " tag="042"><subfield code="a">msc</subfield></datafield><datafield ind1="0" ind2=" " tag="130"><subfield code="a">Helena weekly independent (Helena, Mont. : 1875)</subfield></datafield><datafield ind1="0" ind2="4" tag="245"><subfield code="a">The Helena weekly independent.</subfield></datafield><datafield ind1=" " ind2=" " tag="260"><subfield code="a">Helena, Mont. :</subfield><subfield code="b">Kerley, McQuaid, LaCroix &amp; Co.,</subfield><subfield code="c">1875-1886.</subfield></datafield><datafield ind1=" " ind2=" " tag="300"><subfield code="a">11 v. :</subfield><subfield code="b">ill. (chiefly ads.) ;</subfield><subfield code="c">54-58 cm.</subfield></datafield><datafield ind1=" " ind2=" " tag="310"><subfield code="a">Weekly</subfield></datafield><datafield ind1="0" ind2=" " tag="362"><subfield code="a">Vol. 8, no. 36 (Aug. 19, 1875)-v. 19, no. 29 (May 6, 1886).</subfield></datafield><datafield ind1=" " ind2="0" tag="651"><subfield code="a">Helena (Mont.)</subfield><subfield code="v">Newspapers.</subfield></datafield><datafield ind1=" " ind2="7" tag="655"><subfield code="a">Newspapers.</subfield><subfield code="2">fast</subfield><subfield code="0">(OCoLC)fst01423814</subfield></datafield><datafield ind1=" " ind2="7" tag="651"><subfield code="a">Montana</subfield><subfield code="z">Helena.</subfield><subfield code="2">fast</subfield><subfield code="0">(OCoLC)fst01207480</subfield></datafield><datafield ind1=" " ind2=" " tag="752"><subfield code="a">United States</subfield><subfield code="b">Montana</subfield><subfield code="c">Lewis and Clark</subfield><subfield code="d">Helena.</subfield></datafield><datafield ind1="0" ind2=" " tag="775"><subfield code="t">Helena independent (Helena, Mont. : Daily)</subfield><subfield code="w">(DLC)sn 83025308</subfield></datafield><datafield ind1="0" ind2="0" tag="780"><subfield code="t">Weekly independent (Deer Lodge, Mont.)</subfield><subfield code="w">(DLC)sn 84027525</subfield></datafield><datafield ind1="0" ind2="0" tag="785"><subfield code="t">Helena independent (Helena, Mont. : Weekly)</subfield><subfield code="w">(DLC)sn 85053102</subfield></datafield></record>